@article{2011-Hohner,
    author = "Hohner D.",
    year = "2011",
    title = "Comparison of the multi-sphere and polyhedral approach to simulate non-sphericalparticles within the discrete element method: Influence on temporal force evolutionfor multiple contacts",
    journal = ""
    }
@article{2006-Zhao,
    author = "Dawei Zhao",
    year = "2006",
    title = "Three-dimensional discrete element simulation for granular materials"

}
    
@article{1988-Cundall,
    author = "Cundall P. A.",
    year = "1988",
    title = "Formulation of a Three-dimensional Distinct Element Model-part I. A Scheme to Detect and Represent Contacts in a System Composed of Many Polyhedral Blocks"
}
@article{2014-Zhuang,
    author = "Zhuang Z.",
    year = "2014",
    title = "A multi-shell cover algorithm for contact detection in the three
dimensional discontinuous deformation analysis"
}
@article{2004-Nezami,
    author="Nezami G. Erfan",
    year = "2004",
    title = "A fast contact detection algorithm for 3-D discrete element method"
}
@article{2006-Nezami,
    author = "Nezami G. Erfan",
    year = "2006",
    title = "Shortest link method for contact detection in
discrete element method"
}
