@article{1988-Cundall,
    author = "Cundall P. A.",
    title = "Formulation of a Three-dimensional Distinct Element Model-part I. A Scheme to Detect and Represent Contacts in a System Composed of Many Polyhedral Blocks",
    journal = "International Journal of Rock Mechanics and Mining Sciences \& Geomechanics Abstracts",
    volume = "25",
    pages = "107 - 116",
    year = "1988"
}

@article{2004-Nezami,
    author="Nezami G. Erfan",
    title = "A fast contact detection algorithm for 3-D discrete element method",
    journal = "Elsevier",
    volume = "31",
    pages = "575 - 587",
    year = "2004"
}

@article{2006-Zhao,
    author = "Dawei Zhao",
    title = "Three-dimensional discrete element simulation for granular materials",
    journal = "International Journal for Computer-Aided Engineering and Software",
    volume = "23",
    pages = "749 - 770",
    year = "2006"
}

@article{2006-Nezami,
    author = "Nezami G. Erfan",
    title = "Shortest link method for contact detection in discrete element method",
    journal = "Wiley InterScience",
    volume = "30",
    pages = "783 - 801",
    year = "2006"
}

@article{2006-Mujinza,
    author = "Mujinza A.",
    title = "MR linear contact detection algorithm",
    journal = "INTERNATIONAL JOURNAL FOR NUMERICAL METHODS IN ENGINEERING",
    volume = "66",
    pages = "46 - 71",
    year = "2006"
}

@article{2011-Hohner,
    author = "Hohner D.",
    title = "Comparison of the multi-sphere and polyhedral approach to simulate non-spherical particles within the discrete element method: Influence on temporal force evolution for multiple contacts",
    journal = "Elsevier",
    volume = "208",
    pages = "643 - 656",
    year = "2011"
}
    
@article{2014-Li,
    author = "Shihai Li",
    title = "A shrunken edge algorithm for contact detection between convex polyhedral blocks",
    journal = "Elsevier",
    volume = "63",
    pages = "315 - 330",
    year = "2014"
}


@article{2014-Zhuang,
    author = "Zhuang Z.",
    title = "A multi-shell cover algorithm for contact detection in the three dimensional discontinuous deformation analysis",
    journal = "Elsevier",
    volume = "72",
    pages = "136 - 149",
    year = "2014"

}

